% Encoding: UTF-8

@Misc{nakamotoBitcoin2008,
  author = {Satoshi Nakamoto},
  title  = {bitcoin: a peer-to-peer electronic cash system},
  year   = {2008},
  url    = {https://bitcoin.org/bitcoin.pdf},
  }

@Misc{merkleTree,
  author = {Vitalik Buterin},
  title  = {Merkling in Ethereum},
  year   = {2015},
  url    = {https://blog.ethereum.org/2015/11/15/merkling-in-ethereum/},
  }
  
@Article{FS:21,
  author  = {Sch√§r, Fabian},
  title   = {Decentralized Finance: On Blockchain- and Smart Contract-based Financial Markets},
  journal = {Review of the Federal Reserve Bank of St Louis},
  year    = {2021},
  volume = {103},
  number = {2},
  pages = {153-74},
  url     = {http://dx.doi.org/10.20955/r.103.153-74}
}
  
@Misc{NS:94,
  author = {Nick Szabo},
  title  = {Smart Contracts},
  year   = {1994},
  url    = {http://www.fon.hum.uva.nl/rob/Courses/InformationInSpeech/CDROM/Literature/LOTwinterschool2006/szabo.best.vwh.net/smart.contracts.html},
}

@Misc{NS:97,
  author = {Nick Szabo},
  title  = {The idea of Smart Contracts},
  year   = {1997},
  url    = {https://nakamotoinstitute.org/the-idea-of-smart-contracts/},
}

@Misc{EC20,
	author = {Electric Capital},
	title  = {Developer Report},
	year   = {2020},
	url    = {https://github.com/electric-capital/developer-reports},
}

@Misc{UNIV2,
	author = {Hayden Adams, Noah Zinsmeister, Dan Robinson},
	title  = {Uniswap v2 Core},
	year   = {2020},
	url    = {https://uniswap.org/whitepaper.pdf},
}

@Misc{UNIV3,
	author = {Hayden Adams, Noah Zinsmeister, Moody Salem, River Keefer, Dan Robinson},
	title  = {Uniswap v3 Core},
	year   = {2021},
	url    = {https://uniswap.org/whitepaper-v3.pdf},
}

@Misc{BAL,
	author = {Fernando Martinelli, Nikolai Mushegian},
	title  = {A non-custodial portfolio manager, liquidity provider, and price sensor},
	year   = {2019},
	url    = {https://balancer.fi/whitepaper.pdf},
}

@Misc{CRV,
	author = {Michael Egorov},
	title  = {StableSwap - efficient mechanism for Stablecoin
liquidity},
	year   = {2019},
	url    = {https://curve.fi/files/stableswap-paper.pdf},
}